<record><leader>00000cas a2200000 a 4500</leader><controlfield tag="001">4450824</controlfield><controlfield tag="008">781213d19051919okudr ne      0   a0eng c</controlfield><datafield ind1=" " ind2=" " tag="010"><subfield code="a">sn 85042344 </subfield></datafield><datafield ind1=" " ind2=" " tag="040"><subfield code="a">OKN</subfield><subfield code="b">eng</subfield><subfield code="c">OKN</subfield><subfield code="d">DLC</subfield><subfield code="d">ANU</subfield><subfield code="d">MGN</subfield><subfield code="d">OBN</subfield><subfield code="d">DLC</subfield><subfield code="d">OCLCQ</subfield><subfield code="d">DLC</subfield><subfield code="d">OCLCQ</subfield><subfield code="d">DLC</subfield><subfield code="d">OCLCF</subfield></datafield><datafield ind1="0" ind2=" " tag="022"><subfield code="a">2330-7234</subfield><subfield code="2">1</subfield></datafield><datafield ind1="1" ind2=" " tag="029"><subfield code="a">AU@</subfield><subfield code="b">000020379984</subfield></datafield><datafield ind1=" " ind2=" " tag="042"><subfield code="a">pcc</subfield><subfield code="a">nsdp</subfield></datafield><datafield ind1=" " ind2=" " tag="043"><subfield code="a">n-us-ok</subfield></datafield><datafield ind1="0" ind2="0" tag="050"><subfield code="a">Newspaper</subfield></datafield><datafield ind1="0" ind2="0" tag="082"><subfield code="a">071</subfield><subfield code="2">23</subfield></datafield><datafield ind1="0" ind2="4" tag="082"><subfield code="a">050</subfield></datafield><datafield ind1=" " ind2=" " tag="090"><subfield code="a">AN278.5</subfield><subfield code="b">.T838</subfield></datafield><datafield ind1="0" ind2=" " tag="130"><subfield code="a">Tulsa daily world (Tulsa, Okla. : 1905)</subfield></datafield><datafield ind1=" " ind2="0" tag="222"><subfield code="a">Tulsa daily world</subfield><subfield code="b">(Tulsa, Okla. 1905. Print)</subfield></datafield><datafield ind1="1" ind2="0" tag="245"><subfield code="a">Tulsa daily world.</subfield></datafield><datafield ind1="3" ind2="0" tag="246"><subfield code="a">Tulsa world</subfield></datafield><datafield ind1="3" ind2="0" tag="246"><subfield code="a">Daily world</subfield></datafield><datafield ind1=" " ind2=" " tag="260"><subfield code="a">Tulsa, Indian Territory [Okla.] :</subfield><subfield code="b">J.R. Brady,</subfield><subfield code="c">-1919.</subfield></datafield><datafield ind1=" " ind2=" " tag="300"><subfield code="a">v.</subfield></datafield><datafield ind1=" " ind2=" " tag="310"><subfield code="a">Daily</subfield></datafield><datafield ind1="1" ind2=" " tag="362"><subfield code="a">Began Sep. 14, 1905.</subfield></datafield><datafield ind1="0" ind2=" " tag="362"><subfield code="a">-v. 13, no. 161 (Mar. 3, 1919).</subfield></datafield><datafield ind1=" " ind2=" " tag="530"><subfield code="a">Available on microfilm from the Library of Congress, Photoduplication Service.</subfield></datafield><datafield ind1=" " ind2=" " tag="530"><subfield code="a">Archived issues are available in digital format as part of the Library of Congress Chronicling America online collection.</subfield></datafield><datafield ind1=" " ind2=" " tag="580"><subfield code="a">Weekly eds. : Tulsa weekly world, and: Oklahoma world, and: Oklahoma weekly world.</subfield></datafield><datafield ind1=" " ind2=" " tag="588"><subfield code="a">Description based on: Vol. 1, no. 83 (Dec. 21, 1905).</subfield></datafield><datafield ind1=" " ind2="0" tag="651"><subfield code="a">Tulsa (Okla.)</subfield><subfield code="v">Newspapers.</subfield></datafield><datafield ind1=" " ind2="0" tag="651"><subfield code="a">Tulsa County (Okla.)</subfield><subfield code="v">Newspapers.</subfield></datafield><datafield ind1=" " ind2="7" tag="655"><subfield code="a">Newspapers.</subfield><subfield code="2">fast</subfield><subfield code="0">(OCoLC)fst01423814</subfield></datafield><datafield ind1=" " ind2="7" tag="651"><subfield code="a">Oklahoma</subfield><subfield code="z">Tulsa.</subfield><subfield code="2">fast</subfield><subfield code="0">(OCoLC)fst01205469</subfield></datafield><datafield ind1=" " ind2="7" tag="651"><subfield code="a">Oklahoma</subfield><subfield code="z">Tulsa County.</subfield><subfield code="2">fast</subfield><subfield code="0">(OCoLC)fst01220997</subfield></datafield><datafield ind1=" " ind2=" " tag="752"><subfield code="a">United States</subfield><subfield code="b">Oklahoma</subfield><subfield code="c">Tulsa</subfield><subfield code="d">Tulsa.</subfield></datafield><datafield ind1="0" ind2=" " tag="775"><subfield code="t">Tulsa weekly world</subfield></datafield><datafield ind1="0" ind2=" " tag="775"><subfield code="t">Oklahoma world</subfield><subfield code="w">(DLC)sn 93050469</subfield><subfield code="w">(OCoLC)26577614</subfield></datafield><datafield ind1="0" ind2=" " tag="775"><subfield code="t">Oklahoma weekly world</subfield><subfield code="w">(DLC)sn 98068517</subfield><subfield code="w">(OCoLC)38867942</subfield></datafield><datafield ind1="0" ind2="8" tag="776"><subfield code="i">Online version:</subfield><subfield code="t">Tulsa daily world (Tulsa, Okla. : 1905 : Online)</subfield><subfield code="x">2330-7242</subfield><subfield code="w">(DLC)  2013218944</subfield><subfield code="w">(OCoLC)857140213</subfield></datafield><datafield ind1="0" ind2="0" tag="785"><subfield code="t">Morning Tulsa daily world</subfield><subfield code="x">2163-4637</subfield><subfield code="w">(DLC)sn 85042345</subfield><subfield code="w">(OCoLC)12228935</subfield></datafield><datafield ind1="4" ind2="1" tag="856"><subfield code="u">http://chroniclingamerica.loc.gov/lccn/sn85042344/issues</subfield></datafield></record>